
@inproceedings{Huang,
 author = {Huang, Justin and Cakmak, Maya},
 title = {Supporting Mental Model Accuracy in Trigger-action Programming},
 booktitle = {Proceedings of the 2015 ACM International Joint Conference on Pervasive and Ubiquitous Computing},
 series = {UbiComp '15},
 year = {2015},
 isbn = {978-1-4503-3574-4},
 location = {Osaka, Japan},
 pages = {215--225},
 numpages = {11},
 url = {http://doi.acm.org/10.1145/2750858.2805830},
 doi = {10.1145/2750858.2805830},
 acmid = {2805830},
 publisher = {ACM},
 address = {New York, NY, USA},
 keywords = {IFTTT, smart homes, trigger-action programming}
} 

@inproceedings{practical-tap,
 author = {Ur, Blase and McManus, Elyse and Pak Yong Ho, Melwyn and Littman, Michael L.},
 title = {Practical Trigger-action Programming in the Smart Home},
 booktitle = {Proceedings of the SIGCHI Conference on Human Factors in Computing Systems},
 series = {CHI '14},
 year = {2014},
 isbn = {978-1-4503-2473-1},
 location = {Toronto, Ontario, Canada},
 pages = {803--812},
 numpages = {10},
 url = {http://doi.acm.org/10.1145/2556288.2557420},
 doi = {10.1145/2556288.2557420},
 acmid = {2557420},
 publisher = {ACM},
 address = {New York, NY, USA},
 keywords = {condition-action programming, end-user programming, home automation, internet of things, smart home}
} 

@inproceedings{wild-tap,
 author = {Ur, Blase and Pak Yong Ho, Melwyn and Brawner, Stephen and Lee, Jiyun and Mennicken, Sarah and Picard, Noah and Schulze, Diane and Littman, Michael L.},
 title = {Trigger-Action Programming in the Wild: An Analysis of 200,000 IFTTT Recipes},
 booktitle = {Proceedings of the 2016 CHI Conference on Human Factors in Computing Systems},
 series = {CHI '16},
 year = {2016},
 isbn = {978-1-4503-3362-7},
 location = {Santa Clara, California, USA},
 pages = {3227--3231},
 numpages = {5},
 url = {http://doi.acm.org/10.1145/2858036.2858556},
 doi = {10.1145/2858036.2858556},
 acmid = {2858556},
 publisher = {ACM},
 address = {New York, NY, USA},
 keywords = {end-user composition, end-user programming, ifttt, internet of things (iot), trigger-action programming},
} 

[






